00100000         208543628000145000001111001411051  2198-6000000227552X MICHEL BUENO DE MELLO         BANCO DO BRASIL S.A.                    10708202316231400000008401600                                                                     
00100011R01  042 2008543628000145000001111001411051  2198-6000000227552X MICHEL BUENO DE MELLO                                                                                         000000000708202300000000                                 
0010001300001P 012198-6000000227552X 111100000020        1   00000000000000210408202300000000003123100000002N07082023304082023000000000000000000000000000000000000000000000000000000000000000000000                         3000000090000000000 
0010001300002Q 012008543628000145MICHEL BUENO DE MELLO  CIA LTDA         RUA PAULO ROGERIO CHAMMA, 443           ARY FANCHIN    84200000JAGUARIAIVA    PR0000000000000000                                        000                            
0010001300003R 01000000000000000000000000000000000000000000000000004082023000000000000000                                                                                                              0000000000000000 000000000000  0         
00100015         000005                                                                                                                                                                                                                         
00199999         000001000007000000                                                                                                                                                                                                             
